@article{singham2023discrete,
  title={Discrete-event simulation modeling for housing of homeless populations},
  author={Singham, Dashi I and Lucky, Jennifer and Reinauer, Stephanie},
  journal={Plos one},
  volume={18},
  number={4},
  pages={e0284336},
  year={2023},
  publisher={Public Library of Science San Francisco, CA USA}
}